<record xmlns="http://www.loc.gov/MARC21/slim" xmlns:xsi="http://www.w3.org/2001/XMLSchema-instance" xsi:schemaLocation="http://www.loc.gov/MARC21/slim http://www.loc.gov/standards/marcxml/schema/MARC21slim.xsd">

  <leader>00890nam a22002177a 4500</leader>
  <datafield tag="999" ind1=" " ind2=" ">
    <subfield code="c">3496</subfield>
    <subfield code="d">3496</subfield>
  </datafield>
  <controlfield tag="008">180611b           ||||| |||| 00| | spa d</controlfield>
  <datafield tag="020" ind1=" " ind2=" ">
    <subfield code="a">9789500009232</subfield>
  </datafield>
  <datafield ind2=" " ind1=" " tag="090">
    <subfield code="a">06.03.07</subfield>
    <subfield code="b">2459</subfield>
  </datafield>
  <datafield ind2=" " ind1=" " tag="100">
    <subfield code="9">3750</subfield>
    <subfield code="a">Tuntisi, Mónica Liliana</subfield>
  </datafield>
  <datafield tag="245" ind2="0" ind1="1">
    <subfield code="a">H2O en estado vulnerable /</subfield>
    <subfield code="c"> Mónica Liliana Tuntisi, Andrea Beatriz Villalba, María Valeria Pereyra, Francisco Javier Alfaro, Marcelo Mario Miguel, David Gonzalo Yampa</subfield>
  </datafield>
  <datafield tag="260" ind2=" " ind1=" ">
    <subfield code="a">Buenos Aires, Argentina :</subfield>
    <subfield code="b">Ministerio de Educación de la Nación, </subfield>
    <subfield code="c">Impresión de 2012</subfield>
  </datafield>
  <datafield ind1=" " ind2=" " tag="300">
    <subfield code="a">136 páginas; </subfield>
    <subfield code="b">ilustraciones</subfield>
  </datafield>
  <datafield tag="490" ind1=" " ind2=" ">
    <subfield code="a">Escritura en ciencias,</subfield>
    <subfield code="v">2</subfield>
  </datafield>
  <datafield ind1="1" ind2="4" tag="650">
    <subfield code="9">996</subfield>
    <subfield code="a">ENSEÑANZA DE LAS CIENCIAS </subfield>
  </datafield>
  <datafield tag="700" ind1=" " ind2=" ">
    <subfield code="9">3751</subfield>
    <subfield code="a">Villalba, Andrea Beatriz</subfield>
  </datafield>
  <datafield tag="700" ind2=" " ind1=" ">
    <subfield code="9">3752</subfield>
    <subfield code="a">Pereyra, María Valeria</subfield>
  </datafield>
  <datafield tag="700" ind1=" " ind2=" ">
    <subfield code="9">3753</subfield>
    <subfield code="a">Alfaro, Francisco Javier</subfield>
  </datafield>
  <datafield tag="700" ind2=" " ind1=" ">
    <subfield code="9">3754</subfield>
    <subfield code="a">Miguel, Mario Marcelo</subfield>
  </datafield>
  <datafield ind2=" " ind1=" " tag="700">
    <subfield code="9">3755</subfield>
    <subfield code="a">Yampa, David Gonzalo</subfield>
  </datafield>
  <datafield tag="942" ind2=" " ind1=" ">
    <subfield code="2">z</subfield>
    <subfield code="c">01</subfield>
  </datafield>
</record>